@article{data-brown,
  title={Frequency analysis of English usage},
  author={Francis, W. and Kucera, H.},
  year={1982},
  publisher={Houghton Mifflin Company}
}
