% Sentence boundary detection
% ---------------------------

@inproceedings{sbd-greeks,
  title={Automatic extraction of rules for sentence boundary disambiguation},
  author={Stamatatos, E. and Fakotakis, N. and Kokkinakis, G.},
  booktitle={Proceedings of the Workshop on Machine Learning in Human Language
             Technology},
  pages={88--92},
  year={1999}
}

@book{sbd-re,
  title={What is a Word, what is a Sentence?: Problems of Tokenisation},
  author={Grefenstette, G. and Tapanainen, P.},
  year={1994},
  publisher={Citeseer}
}

@inproceedings{sbd-ttt,
  title={LT TTTâ€”a flexible tokenisation tool},
  author={Grover, C. and Matheson, C. and Mikheev, A. and Moens, M.},
  booktitle={Proceedings of the 2nd International Conference on Language
             Resources and Evaluation},
  pages={1147--1154},
  year={2000},
  organization={Citeseer}
}

@inproceedings{sbd-mikheev-short,
  title={Tagging sentence boundaries},
  author={Mikheev, A.},
  booktitle={Proceedings of the 1st North American chapter of the Association
             for Computational Linguistics conference},
  pages={264--271},
  year={2000},
  organization={Morgan Kaufmann Publishers Inc.}
}

@article{sbd-mikheev,
  title={Periods, capitalized words, etc.},
  author={Mikheev, A.},
  journal={Computational Linguistics},
  volume={28},
  number={3},
  pages={289--318},
  year={2002},
  publisher={MIT Press}
}

@inproceedings{sbd-mxterm,
  title={A maximum entropy approach to identifying sentence boundaries},
  author={Reynar, J.C. and Ratnaparkhi, A.},
  booktitle={Proceedings of the fifth conference on Applied natural language
             processing},
  pages={16--19},
  year={1997},
  organization={Association for Computational Linguistics}
}

@article{sbd-punkt,
  title={Unsupervised multilingual sentence boundary detection},
  author={Kiss, T. and Strunk, J.},
  journal={Computational Linguistics},
  volume={32},
  number={4},
  pages={485--525},
  year={2006},
  publisher={MIT Press}
}

@inproceedings{sbd-satz-short,
  title={Adaptive sentence boundary disambiguation},
  author={Palmer, D.D. and Hearst, M.A.},
  booktitle={Proceedings of the fourth conference on Applied natural language
             processing},
  pages={78--83},
  year={1994},
  organization={Association for Computational Linguistics}
}

@article{sbd-satz,
  title={Adaptive multilingual sentence boundary disambiguation},
  author={Palmer, D.D. and Hearst, M.A.},
  journal={Computational Linguistics},
  volume={23},
  number={2},
  pages={241--267},
  year={1997},
  publisher={MIT Press}
}

@inproceedings{sbd-comparison,
  title={Sentence boundary detection: A comparison of paradigms for improving
         MT quality},
  author={Walker, D.J. and Clements, D.E. and Darwin, M. and Amtrup, J.W.},
  booktitle={Proceedings of the MT Summit VIII},
  year={2001},
  organization={Citeseer}
}

@inproceedings{sdb-silla-tests,
  title={An analysis of sentence boundary detection systems for English and
         Portuguese documents}, author={Silla Jr, C.N. and Kaestner, C.A.A.},
  booktitle={Computational linguistics and intelligent text processing: 5th
             International Conference, CICLing 2004, Seoul, Korea, February 15-21, 2004:
             proceedings},
  volume={2945},
  pages={135},
  year={2004},
  organization={Springer-Verlag New York Inc}
}

@inproceedings{sbd-riley,
  title={Some applications of tree-based modelling to speech and language},
  author={Riley, M.D.},
  booktitle={Proceedings of the workshop on Speech and Natural Language},
  pages={339--352},
  year={1989},
  organization={Association for Computational Linguistics}
}
