@inproceedings{seg-chinese-maxent,
  title={A maximum entropy approach to Chinese word segmentation},
  author={Low, J.K. and Ng, H.T. and Guo, W.},
  booktitle={Proceedings of the Fourth SIGHAN Workshop on Chinese Language Processing},
  volume={1612164},
  year={2005},
  organization={Jeju Island, Korea}
}
