

@article{Berger-MaxEnt,
 author = {Berger, Adam L. and Pietra, Vincent J. Della and Pietra, Stephen A. Della},
  title = {A maximum entropy approach to natural language processing},
   journal = {Comput. Linguist.},
    issue_date = {March 1996},
     volume = {22},
      issue = {1},
       month = {March},
        year = {1996},
         issn = {0891-2017},
          pages = {39--71},
           numpages = {33},
            url = {http://portal.acm.org/citation.cfm?id=234285.234289},
             acmid = {234289},
              publisher = {MIT Press},
               address = {Cambridge, MA, USA},
} 

@TECHREPORT{Ratnaparkhi-MaxEnt,
    author = {Adwait Ratnaparkhi},
        title = {A Simple Introduction to Maximum Entropy Models for Natural Language Processing},
            institution = {},
                year = {}
}

@inproceedings{Ratnaparkhi-MxTerm,
 author = {Reynar, Jeffrey C. and Ratnaparkhi, Adwait},
  title = {A maximum entropy approach to identifying sentence boundaries},
   booktitle = {Proceedings of the fifth conference on Applied natural language processing},
    series = {ANLC '97},
     year = {1997},
      location = {Washington, DC},
       pages = {16--19},
        numpages = {4},
         url = {http://dx.doi.org/10.3115/974557.974561},
          doi = {http://dx.doi.org/10.3115/974557.974561},
           acmid = {974561},
            publisher = {Association for Computational Linguistics},
             address = {Stroudsburg, PA, USA},
} 


