@Misc{PDT2 ,
  author = {Jan Haji\v{c} and Jarmila Panevov\'{a} and Eva
            Haji\v{c}ov\'{a} and Petr Sgall and Petr Pajas and Jan
            \v{S}t\v{e}p\'{a}nek and Ji\v{r}\'{i} Havelka and Marie
            Mikulov\'{a} and Zden\v{e}k \v{Z}abokrtsk\'{y} and Magda
            \v{S}ev\v{c}\'{i}kov\'{a}-Raz\'{i}mov\'{a}},
  title = {{Prague Dependency Treebank 2.0}},
  howpublished = {LDC2006T01, Linguistic Data Consortium,
                  Philadelphia, PA, USA, ISBN 1-58563-370-4, Jul 2006},
  year = {2006},
  url = {http://ufal.mff.cuni.cz/pdt2.0/}
}
