@book{software-nltk,
  title={Natural language processing with Python},
  author={Bird, S. and Klein, E. and Loper, E.},
  year={2009},
  publisher={O'Reilly Media}
}