@misc{web-maxent,
  title="Maximum Entropy Modeling",
  author="Zhang Le",
  url="http://homepages.inf.ed.ac.uk/lzhang10/maxent.html"
}

@misc{web-bakeoff,
  title="Second International Chinese Word Segmentation Bakeoff",
  author="Emerson, T.",
  url="http://www.sighan.org/bakeoff2005/",
  year=2005
}
