@article{maxent-approach,
  title={A maximum entropy approach to natural language processing},
  author={Berger, A.L. and Pietra, V.J.D. and Pietra, S.A.D.},
  journal={Computational linguistics},
  volume={22},
  number={1},
  pages={39--71},
  year={1996},
  publisher={MIT Press}
}

@article{maxent-toolkit,
  title={Maximum entropy modeling toolkit for Python and C++},
  author={Zhang Le},
  year={2004},
  url={http://homepages.inf.ed.ac.uk/lzhang10/maxent_toolkit.html}
}

@article{maxent-magic,
  title={Maxent model, conditional estimation, and optimization},
  author={Klein, D. and Manning, C.},
  journal={HLT-NAACL 2003 Tutorial},
  year={2003}
}

@article{maxent-randomfields,
  title={Inducing features of random fields},
  author={Pietra, S.A.D. and Pietra, V.J.D. and Lafferty, J.},
  journal={Pattern Analysis and Machine Intelligence, IEEE Transactions on},
  volume={19},
  number={4},
  pages={380--393},
  year={1997},
  publisher={IEEE}
}

@inproceedings{maxent-algorithms,
  title={A comparison of algorithms for maximum entropy parameter estimation},
  author={Malouf, R.},
  booktitle={proceedings of the 6th conference on Natural language learning-Volume 20},
  pages={1--7},
  year={2002},
  organization={Association for Computational Linguistics}
}

@article{maxent-simple,
  title={A simple introduction to maximum entropy models for natural language
         processing},
  author={Ratnaparkhi, A.},
  journal={IRCS Technical Reports Series},
  pages={81},
  year={1997}
}

@article{maxent-iis,
  title={The improved iterative scaling algorithm: A gentle introduction},
  author={Berger, A.},
  journal={Unpublished manuscript},
  year={1997},
  note={Available at \url{http://www.cs.cmu.edu/afs/cs/user/aberger/www/ps/scaling.ps}}
}

@article{maxent-convexity,
  title={Convexity, Maximum Likelihood and All That},
  author={Berger, A.},
  journal={Unpublished manuscript},
  note={Available at \url{http://www.cs.cmu.edu/afs/cs/user/aberger/www/ps/convex.ps}}
}

@inproceedings{maxent-original-paper,
  title={UMC 0.1: Czech-Russian-English Multilingual Corpus},
  author={Klyueva, N. and Bojar, O.},
  booktitle={Proc. of International Conference Corpus Linguistics},
  pages={188--195},
  year={2008},
  url={http://ufal.mff.cuni.cz/euromatrixplus/downloads.html}
}

@misc{maxent-original,
  title={Trainable Tokenizer v.0.1},
  author={Bojar, O.},
  url={http://ufal.mff.cuni.cz/euromatrixplus/downloads.html}
}
