@misc{web-quex,
  title="Quex - Fast Universal Lexical Analyzer Generator",
  author="F.-R. Schäfer",
  url="http://quex.sourceforge.net/",
}

@misc{web-boost,
  title="Boost C++ Libraries (filesystem, thread, program\_options,
         lexical\_cast, ref)",
  author="Dawes, B. and Williams, A. and Prus, V. and Henney, K. and Järvi, J.
          and Dimov, P. and Abrahams, D. et al",
  url="http://www.boost.org/",
}

@misc{web-pipes,
  title="``Any interest in io-stream like pipe?'' An implementation of
         of pipestreams",
  author="Nasonov, A.",
  url="http://lists.boost.org/Archives/boost/2003/08/51289.php",
  year="2003"
}

@misc{web-tbb,
  title="Intel\textsuperscript{\textregistered} Threading Building Blocks 3.0
         for Open Source",
  url="http://threadingbuildingblocks.org/",
}

@misc{web-nltk,
  title="Natural Language Toolkit",
  author="Bird, S. and Loper, E. and Klein, E.",
  url="http://www.nltk.org/"
}

@misc{web-maxent,
  title="Maximum Entropy Modeling",
  author="Zhang Le",
  url="http://homepages.inf.ed.ac.uk/lzhang10/maxent.html"
}

@misc{web-tadm,
  title="The Toolkit for Advanced Discriminative Modeling",
  author="Malouf, R. and Baldridge, J. and Osborne, M.",
  url="http://tadm.sourceforge.net/",
  year="2005"
}

@misc{web-amis,
  title="Amis - A maximum entropy estimator for feature forests",
  author="Yusuke, M.",
  url="http://www-tsujii.is.s.u-tokyo.ac.jp/~yusuke/amis/",
  year="2005"
}

@misc{web-megam,
  title="MEGA Model Optimization Package",
  author="Daume, H.",
  url="http://www.cs.utah.edu/~hal/megam/",
  year="2007"
}

@misc{web-stanford,
  title="Stanford Classifier",
  author="Rafferty, A. and Kleeman, A. and Finkel, J. and Manning, C.",
  url="http://nlp.stanford.edu/downloads/classifier.shtml",
  year="2007"
}

@misc{web-opennlp,
  title="Apache OpenNLP",
  url="http://incubator.apache.org/opennlp/"
}

@misc{web-bakeoff,
  title="Second International Chinese Word Segmentation Bakeoff",
  author="Emerson, T.",
  url="http://www.sighan.org/bakeoff2005/",
  year=2005
}

@misc{web-latex,
  title="\LaTeX{} WikiBook / Formatting",
  url="http://en.wikibooks.org/wiki/LaTeX/Formatting"
}

@misc{web-pcre,
  title="PCRE - Perl Compatible Regular Expressions",
  url="http://www.pcre.org/"
}

@misc{web-re2,
  title="re2 - an efficient, principled regular expression library",
  url="http://code.google.com/p/re2/"
}

@misc{web-cmake,
  title="CMake - Cross Platform Make",
  url="http://cmake.org/"
}

@misc{web-libtool,
  title="GNU Libtool - The GNU Portable Library Tool",
  url="http://www.gnu.org/software/libtool/"
}

@misc{web-openmp,
  title="The OpenMP API",
  url="http://openmp.org/wp/"
}
